
									
@Article{anstreicher98,
  author =	 "K. M. Anstreicher",
  title =	 "Towards a practical volumetric cutting plane method
                  for convex programming",
  journal =	 "SIAM J. Optim",
  year =	 1998,
  volume =	 9,
  number =	 1,
  pages =	 "190--206"
}

@Article{ari91,
  author =	 "K. A. Ariyawansa and D. D. Hudson",
  title =	 "Performance of a benchmark parallel implementation
                  of the {V}an {S}lyke and {W}ets algorithm for
                  two-stage stochastic programs on the
                  {S}equent/{B}alance",
  journal =	 "Concurrency: Practice and Experience",
  year =	 1991,
  volume =	 3,
  number =	 2,
  pages =	 "109--128",
  month =	 "April"
}

@TechReport{ari96,
  author =	 "K. A. Ariyawansa and P. L. Jiang",
  title =	 "Polynomial cutting plane algorithms for two-stage
                  stochastic linear programs based on ellipsoids,
                  volumetric centers and analytic centers",
  institution =	 "Department of Pure and Applied Mathematics,
                  Washington State University",
  year =	 1996
}

@Article{bahn95,
  author =	 "O. Bahn and O. du Merle and J. {-}L. Goffin and
                  J. {-}P. Vial",
  title =	 "A cutting plane method from analytic centers for
                  stochastic programming",
  journal =	 "Mathematical Programming",
  year =	 1995,
  volume =	 69,
  pages =	 "45--73"
}

@Article{birgeqi88,
  author =	 "J. R. Birge and L. Qi",
  title =	 "Computing block-angular {K}armarkar projections with
                  applications to shochastic programming",
  journal =	 "Management Science",
  year =	 1988,
  volume =	 34,
  pages =	 "1472--1479"
}

@INCOLLECTION(birge88,
  AUTHOR =	 "J. R. Birge",
  TITLE =	 "The Relationship Between the {L}-Shaped Method and
                  Dual Basis Factorization for Stochastic Linear
                  Programming",
  BOOKTITLE =	 "Numerical Techniques for Stochastic Optimization",
  YEAR =	 "1988",
  PUBLISHER =	 "Springer-Verlag",
  PAGES =	 "267--272",
  EDITOR =	 "Y. Ermoliev and R. J-B. Wets"
)

@Article{birge92,
  author =	 "J. R. Birge and D. F. Holmes",
  title =	 "Efficient solution of two-stage stochastic linear
                  programs using interior point methods",
  journal =	 "Computational Optimization and Applications",
  year =	 1992,
  volume =	 1,
  pages =	 "245--276"
}

@Article{birge96,
  author =	 "J. R. Birge and C. J. Donahue and D. F. Holmes and
                  O. G. Svintsitski",
  title =	 "A parallel implementation of the nested
                  decomposition algorithm for multistage stochastic
                  linear programs",
  journal =	 "Mathematical Programming",
  year =	 1996,
  volume =	 75,
  number =	 2,
  pages =	 "327--352"
}

@Article{birge97,
  author =	 "J. R. Birge",
  title =	 "Stochastic Programming Computation and Applications",
  journal =	 "INFORMS Journal on Computing",
  year =	 "1997",
  volume =	 "9",
  number =	 "2",
  pages =	 "111--133"
}

@Article{bland81,
  author =	 "R. G. Bland and D. Goldfarb and M. J. Todd",
  title =	 "The ellipsoid method: a survey",
  journal =	 "Operations Research",
  year =	 1981,
  volume =	 29,
  pages =	 "1039--1091"
}

@Article{carino98,
  author =	 "D. R. Cari{\~{n}}o and W. T. Ziemba",
  title =	 "Formulation of the {R}ussell - {Y}asuda {K}asai
                  Financial Planning Model",
  journal =	 "Operations Research",
  year =	 "1998",
  volume =	 "46",
  number =	 "4",
  pages =	 "433--449",
  month =	 "July-August",
}

@Article{carino298,
  author =	 "D. R. Cari{\~{n}}o and D. H. Myers and W. T. Ziemba",
  title =	 "Concepts, Technical Issues, and Uses of the
                  {R}ussell-{Y}asuda {K}asai Financial Planning Model",
  journal =	 "Operations Research",
  crossref =	 "carino98",
  year =	 "1998",
  volume =	 "46",
  number =	 "4",
  pages =	 "450--462",
  month =	 "July-August",
}

@Article{carino94,
  author =	 "D. R. Cari{\~{n}}o and T. Kent and D. H. Myers and
                  C. Stacy and M. Sylvanus and A. L. Turner and
                  K. Watanabe and W. T. Ziemba",
  title =	 "The {R}ussell-{Y}asuda {K}asai Model: An
                  Asset/Liability Model for a {J}apanese Insurance
                  Company Using Multistage Stochastic Programming",
  journal =	 "Interfaces",
  year =	 1994,
  volume =	 24,
  number =	 1,
  pages =	 "29--49",
  month =	 "January-February"
}

@Article{czyzyk95,
  author =	 "J. Czyzyk and R. Rourer and S. Mehrotra",
  title =	 "A study of the augmented system and column-splitting
                  approaches for solving two-stage stochastic linear
                  programs by interior point methods",
  journal =	 "ORSA Journal on Computing",
  year =	 1995,
  pages =	 "474--490"
}

@Article{dantzig55,
  author =	 "G. B. Dantzig",
  title =	 "Linear programming under uncertainty",
  journal =	 "Management Science",
  year =	 "1955",
  volume =	 "1",
  pages =	 "197--206",
}



@Unpublished{felttestset,
  author = 	 {K. A. Ariyawansa and Andrew J. Felt},
  title = 	 {On a new collection of stochastic linear programming test problems},
  note = 	 {URL: \url{http://www.optimization-online.org/DB_HTML/2001/05/334.html}, accessed 3 Nov., 2001 },
  month =	 {April},
  year =	 2001
}


@PhdThesis{fragniere95,
  author =	 "E. Fragni\`{e}re",
  title =	 "Choix \'{e}nerg\'{e}tiques et environnementaux pour
                  le {C}anton de {G}en\`{e}ve",
  school =	 "{U}niversit\'{e} de {G}en\`{e}ve",
  year =	 1995,
  month =	 "April",
  note =	 "Th\`{e}se no 412"
}

@TechReport{frauendorfer97,
  author =	 "K. Frauendorfer and C. Marohn and M. Sch{\"{u}}rle",
  title =	 "{S}{G}-Portfolio Test Problems for Stochastic
                  Multistage Linear Programming ({I}{I})",
  institution =	 "Institute of Operations Research, University of
                  St. Gallen, Switzerland",
  year =	 1997,
  month =	 "June"
}



@Misc{gassmannutility,
  author =	 {H. I. Gassmann},
  title =	 {Utility routines for working with the {S}{M}{P}{S} Input Format for Stochastic Linear Programs},
  howpublished = {URL:  \url{http://www.mgmt.dal.ca/sba/profs/hgassmann/inputs.htm}, accessed 5 Nov., 2001 }
}

@Article{gassmann89,
  author =	 "H. I. Gassmann",
  title =	 "Optimal Harvest of a Forest in the Presence of
                  Uncertainty",
  journal =	 "Canadian Journal of Forest Research",
  year =	 1989,
  volume =	 19,
  pages =	 "1267--1274"
}

@Article{gassmann90,
  author =	 "H. I. Gassmann",
  title =	 "{M}{S}{L}i{P}: a computer code for the multistage
                  stochastic linear programming problem",
  journal =	 "Mathematical Programming",
  year =	 1990,
  volume =	 47,
  pages =	 "407--423"
}

@Misc{gassmannwww,
  author =	 "H. I. Gassmann",
  title =	 "stocfor1, stocfor2, stocfor3\hspace*{\fill}",
  howpublished = "\newline URL: \url{http://www.netlib.org/lp/data/}",
  note =	 "Multistage stochastic LP test problems"
}

@TechReport{gondzio95,
  author =	 "J. Gondzio and O. du Merle",
  title =	 "{A}nalytic {C}enter {C}utting {P}lane
                  {M}ethod---user's guide for the library",
  institution =	 "Department of Management Studies, University of
                  Geneva",
  year =	 1995,
  number =	 "1995.33",
  month =	 "Dec"
}

@TechReport{jessup93,
  author =	 "E. Jessup and D. Yang and S. A. Zenios",
  title =	 "Parallel factorization of structured matrices
                  arising in stochastic programming",
  institution =	 "Department of Public and Business Administration,
                  University of Cyprus",
  year =	 1993,
  number =	 "93-02",
  address =	 "Nicosia, Cyprus"
}

@PhdThesis{jiang97,
  author =	 "P. L. Jiang",
  title =	 "Polynomial cutting plane algorithms for stochastic
                  programming and related problems",
  school =	 "Washington State University",
  year =	 1997,
  month =	 "September"
}

@ARTICLE(kall79,
  AUTHOR =	 "P. Kall",
  TITLE =	 "Computational Methods for Solving Two-stage
                  Stochastic Linear Programming Problems",
  JOURNAL =	 "Journal of Applied Mathematics and Physics",
  YEAR =	 "1979",
  PAGES =	 "261--271",
  VOLUME =	 "30"
)

@TechReport{kall85,
  author =	 "P. Kall and E. Keller",
  title =	 "{G}{E}{N}{S}{L}{P}: A program for generating input
                  for stochastic linear programs with complete fixed
                  recourse",
  institution =	 "Unstit{\"{u}}t fur Operations Research der
                  Universit{\"{a}}t Z{\"{u}}rich",
  year =	 1985,
  number =	 "CH-8006",
  address =	 "Z{\"{u}}rich, Switzerland"
}

@Article{karmarkar84,
  author =	 {N. Karmarkar},
  title =	 {A new polynomial time algorithm for linear
                  programming},
  journal =	 {Combinatorica},
  year =	 1984,
  volume =	 4,
  pages =	 {375--395}
}

@TechReport{klaassen90,
  author =	 "P. Klaassen and J. F. Shapiro and D. E. Spitz",
  title =	 "Sequential Decision Models for Selecting Currency
                  Options",
  institution =	 "Massachusetts Institute of Technology, International
                  Financial Services Research Center",
  year =	 "1990",
  number =	 "IFSRC No. 133-90",
  month =	 "July"
}

@ARTICLE(martel73,
  AUTHOR =	 "A. Martel and A. Al-Nuaimi",
  TITLE =	 "Tactical manpower planning via programming under
                  uncertainty",
  JOURNAL =	 "Operations Research Quarterly",
  YEAR =	 "1973",
  PAGES =	 "571--585",
  VOLUME =	 "24"
)

@TechReport{mehrotra99,
  author =	 {S. Mehrotra},
  title =	 {Volumetric center method for stochastic convex
                  programs using sampling},
  institution =	 {Department of Industrial Engineering and Management
                  Sciences, Robert R. McCormick School of Engineering,
                  Northwestern University},
  year =	 1999,
  address =	 {Evanston, IL 60208},
  month =	 {Dec.}
}

@Misc{meschach,
  author =	 "D. E. Stewart and Z. Leyk",
  title =	 "{M}eschach {L}ibrary, {V}ersion 1.2b",
  howpublished = "URL: \url{http://www.netlib.org}",
  year =	 1994,
  month =	 "April",
  note =	 "School of Mathematical Sciences, Australian National
                  University, Canberra ACT 0200, Australia"
}

@ARTICLE(midler69,
  AUTHOR =	 "J. L. Midler and R. D. Wollmer",
  TITLE =	 "Stochastic Programming Models for Scheduling Airlift
                  Operations",
  JOURNAL =	 "Naval Research Logistics Quarterly",
  YEAR =	 "1969",
  PAGES =	 "315--330",
  VOLUME =	 "16"
)



@InCollection{more90,
  author = 	 {J. J. Mor\'e},
  title = 	 {A collection of nonlinear model problems},
  booktitle = 	 {Computational solution of nonlinear systems of equations},
  pages =	 {723--762},
  publisher =	 {American Mathematical Society},
  year =	 1990,
  volume =	 26,
  series =	 {Lecture notes in applied mathematics},
  address =	 {Providence, RI}
}

@TechReport{more-averick91,
  author = 	 {B. M. Averick and R. G. Carter and J. J. Mor\'e},
  title = 	 {The {M}inpack-2 test problem collection (Preliminary Version)},
  institution =  {Mathematics and Computer Science Division, Argonne National Laboratory},
  year = 	 1991,
  number =	 {Technical Memorandum ANL/MCS-TM-150},
  address =	 {Argonne, IL}
}


@TechReport{more-benson01,
  author = 	 {Steven J. Benson and Lois Curfman McInnes and J. J. Mor\'e},
  title = 	 {{G}{P}{C}{G}:  a case study in the performance and scalability of optimization algorithms},
  institution =  {Mathematics and Computer Science Division Argonne National Laboratory},
  year = 	 2000,
  number =	 {ANL/MCS-P768-0799},
  month =	 {Sep}
}


@Article{more-lin99,
  author = 	 {C. Lin and J. J. Mor\'e },
  title = 	 {Newton's method for large bound-constrained optimization method},
  journal = 	 {SIAM J. Optim.},
  year = 	 1999,
  number =	 9,
  pages =	 {1100--1127}
}

@Article{more-toraldo91,
  author = 	 {J. J. Mor\'e and G. Toraldo},
  title = 	 {On the solution of large quadratic programming problems with bound constraints},
  journal = 	 {SIAM J. Optim.},
  year = 	 1991,
  number =	 1,
  pages =	 {93--113}
}

@Misc{MPSurl,
  author =	 "B. A. Murtagh",
  title =	 "(excerpted from) {A}dvanced {L}inear {P}rogramming:
                  {C}omputation and {P}ractice",
  howpublished = "URL:
                  \url{http://www-fp.mcs.anl.gov/otc/Guide/OptWeb/continuous/constrained/linearprog/mps.html}"
}

@TechReport{MPSX72,
  author =	 "International Business Machines Inc.",
  title =	 "Mathematical Programming Subsystem - Extended
                  ({M}{P}{S}{X}) and Generalized Upper Bounding
                  ({G}{U}{B}) Program Description",
  institution =	 "International Business Machines, Inc.",
  year =	 1972,
  number =	 "SH20-0968-1"
}

@Article{mulvey91,
  author =	 "J. M. Mulvey and H. Vladimirou",
  title =	 "Applying the Progressive Hedging Algorithm to
                  Stochastic Generalized Networks",
  journal =	 "Annals of Operations Research",
  year =	 1991,
  volume =	 31,
  pages =	 "399--424"
}

@Article{mulvey95,
  author =	 "J. M. Mulvey and A. Ruszczy\`{n}ski",
  title =	 "A New Scenario Decomposition Method for Large-Scale
                  Stochastic Optimization",
  journal =	 "Operations Research",
  year =	 1995,
  volume =	 43,
  number =	 3,
  pages =	 "477--490",
  month =	 "May-June"
}

@Misc{mulveynote99,
  author =	 "J. M. Mulvey",
  title =	 "RE: Stochastic {L}{P} examples",
  howpublished = "personal email from author",
  year =	 "1999",
  month =	 "Dec. 19"
}

@Misc{oslwww,
  OPTcrossref =	 "",
  author =	 "{I}nternational {B}uisiness {M}achines Inc.",
  title =	 "{I}{B}{M} {O}ptimization {S}olutions and {L}ibrary
                  for {M}ulti-{P}latforms {V}ersion 2",
  howpublished = "URL:
                  \url{http://ism.boulder.ibm.com/es/oslv2/features/welcome.htm}",
  year =	 2000,
  month =	 "Apr"
}

@TechReport{pcxmanual,
  author =	 "J. Czyzyk and S. Mehrotra and M. Wagner and
                  S. J. Wright",
  title =	 "{P}{C}x user guide ({V}ersion 1.1)",
  institution =	 "Optimization Technology Center",
  year =	 1997,
  key =		 "OTC 96/01",
  address =	 "Argonne National Laboratory, Chicago, IL",
  month =	 "Nov"
}

@Book{pvmbook,
  author =	 "A. Geist and A. Beguelin and J. Dongarra and
                  W. Jiang and R. Manchek and V. Sunderam",
  title =	 "{P}{V}{M}: Parallel Virtual Machine A Users' Guide
                  and Tutorial for Networked Parallel Computing",
  publisher =	 "{M}{I}{T} Press",
  year =	 "1994",
  address =	 "http://www.netlib.org/pvm3/book/pvm-book.html",
}

@Misc{postswebsite,
  author =	 "D. Holmes",
  title =	 "A ({P}{O})rtable ({S})tochastic programming ({T})est
                  ({S})et ({P}{O}{S}{T}{S}) ",
  howpublished = "URL:
                  \url{http://users.iems.nwu.edu/}$\sim${jrbirge/html/dholmes/post.html}, accessed 2 Nov., 2001",
  year =	 1997,
  month =	 "Jan"
}

@Article{PVMvsMPI,
  author =	 "G. A. Geist and J. A. Kohl and P. M. Papadopoulos",
  title =	 "{PVM} and {MPI}: a comparison of features",
  journal =	 "Calculateurs Paralleles",
  year =	 1996,
  volume =	 8,
  number =	 6
}

@Article{sen94,
  author =	 "S. Sen and R. D. Doverspike and S. Cosares",
  title =	 "Network Planning with Random Demand",
  journal =	 "Telecommunication Systems",
  year =	 1994,
  volume =	 3,
  pages =	 "11--30"
}

@InCollection{smeers88,
  author =	 "F. V. Louveaux and Y. Smeers",
  title =	 "Optimal Investments for Electricity Generation: A
                  Stochastic Model and a Test-Problem",
  booktitle =	 "Numerical Techniques for Stochastic Optimization",
  publisher =	 "Springer-Verlag",
  year =	 "1988",
  editor =	 "R. J-B. Wets and Y. Ermoliev",
  chapter =	 "24",
  pages =	 "445--453"
}

@Article{SMPS87,
  author =	 "J.R. Birge and M.A.H. Dempster and H.I. Gassmann and
                  E.A. Gunn and A.J. King and S.W. Wallace",
  title =	 "A Standard Input Format for Multiperiod Stochastic
                  Linear Programs",
  journal =	 "COAL Newsletter",
  year =	 1987,
  number =	 17,
  pages =	 "1--19",
  note =	 "URL:
                  \url{http://www.mgmt.dal.ca/sba/profs/hgassmann/smps.html}, accessed 2 Nov., 2001"
}




@TechReport{SMPS97,
  author = 	 {H. I. Gassmann and E. Schweitzer},
  title = 	 {A Comprehensive Input Format for Stochastic Linear Programs},
  institution =  {School of Business Administration, Dalhousie University},
  year = 	 1997,
  number =	 {Working Paper WP--96--1},
  address =	 {Halifax, Canada},
  month =	 {December},
  note =	 {URL: \url{http://www.mgmt.dal.ca/sba/profs/hgassmann/smps_ext.html}, accessed 2 Nov., 2001}
}

@INCOLLECTION(strazicky80,
  AUTHOR =	 "B. Strazicky",
  TITLE =	 "Some Results Concerning an Algorithm for the
                  Discrete Recourse Problem",
  BOOKTITLE =	 "Stochastic Programming",
  YEAR =	 "1980",
  PUBLISHER =	 "Academic Press",
  PAGES =	 "263--274",
  EDITOR =	 "M. A. H. Dempster"
)

@Article{subrahmanyam94,
  author =	 "S. Subrahmanyam and J. F. Pekny and G. V. Reklaitis",
  title =	 "Design of Batch Chemical Plants Under Market
                  Uncertainty",
  journal =	 "Ind. Eng. Chem. Res.",
  year =	 "1994",
  volume =	 "33",
  pages =	 "2688--2701",
}

@Article{vanslyke69,
  author =	 "R. M. Van Slyke and R. J.{-}B. Wets",
  title =	 "{L}-Shaped Linear Programs with Applications to
                  Optimal Control and Stochastic Programming",
  journal =	 "SIAM J. Appl. Math.",
  year =	 "1969",
  volume =	 "17",
  number =	 "4",
  pages =	 "638--663",
  month =	 "July"
}

@InProceedings{vaidya89,
  author =	 "P. M. Vaidya",
  title =	 "A new algorithm for minimizing convex functions over
                  convex sets (extended abstract)",
  series =	 "Annual symposium on foundations of computer science,
                  Research Triangle Park, NC, 1989",
  pages =	 "338--343",
  year =	 "1990",
  organization = "IEEE",
  publisher =	 "IEEE Computer Society Press",
  address =	 "Los Alamitos, CA"
}

@Article{vaidya90,
  author =	 "P. M. Vaidya",
  title =	 "An algorithm for linear programming which requires
                  {O}$(((m+n)n^2 + (m+n)^{1.5}n){L})$ arithmetic
                  operations",
  journal =	 "Mathematical Programming",
  year =	 1990,
  volume =	 47,
  pages =	 "175--201"
}

@INCOLLECTION(wets83,
  AUTHOR =	 "R. J{-}B. Wets",
  TITLE =	 "Stochastic Programming: Solution Techniques and
                  Approximation Schemes",
  BOOKTITLE =	 "Mathematical Programming - The State of the Art",
  YEAR =	 "1983",
  PUBLISHER =	 "Springer-Verlag",
  PAGES =	 "566--603",
  EDITOR =	 "A. Bachem and M. Gr{\"{o}}tschel and B. Korte"
)

@Manual{ylpmanual,
  title =	 "{Y}{L}{P} technical reference manual",
  organization = "XMP Software, Inc.",
  address =	 "Suite 279, 930 Tahoe Blvd., Bldg 802, Incline
                  Village, NV 89451-9436",
  year =	 1992,
  month =	 "March"
}

@TechReport{zhao98,
  author =	 {G. Zhao},
  title =	 {A log-barrier method with {B}enders decomposition
                  for solving two-stage stochastic programs},
  institution =	 {Department of Mathematics, National University of
                  Singapore},
  year =	 1998,
  number =	 711,
  note =	 {revised 1999}
}

